@InProceedings{Athuraliya01:Emprical,
  author =	 {Sanjeewa Athuraliya and Steven H. Low},
  title =	 {An Emprical Validation of a Duality Model of {TCP}
                  and Queue Management Algorithms},
  booktitle =	 {Proceedings of Winter Simulation Conference},
  pages =	 {1269--1274},
  year =	 2001,
  month =	 dec
}

@Article{Kumar98:LossyLink,
  author =	 {Anurag Kumar},
  title =	 {Comparative performance analysis of versions of
                  {TCP} in a local network with a lossy link},
  journal =	 {IEEE/ACM Transactions on Networking},
  year =	 1998,
  volume =	 6,
  number =	 4,
  pages =	 {485--498},
}

@Misc{NS2,
  title =	 {The network simulator -- ns2},
  note =	 {available at \url{http://www.isi.edu/nsnam/ns/}}
}

@Misc{Github,
    title = {GitHub},
    note =	 {available at \url{https://github.com/}}
}

@misc{MoneyForwardApp,
  title        = {Money Forward公式サイト},
  author       = {Money Forward, Inc.},
  year         = {2024},
  url          = {https://moneyforward.com},
  note         = {アクセス日: 2024年12月15日}
}

@misc{AzureOCR,
  title        = {Azure Computer Vision OCR Documentation},
  author       = {Microsoft},
  year         = {2024},
  url          = {https://learn.microsoft.com/en-us/azure/cognitive-services/computer-vision/overview-ocr},
  note         = {アクセス日: 2024年12月15日}
}

@misc{Tesseract,
  title        = {Tesseract OCR},
  author       = {Google and Contributors},
  year         = {2024},
  url          = {https://github.com/tesseract-ocr/tesseract},
  note         = {アクセス日: 2024年12月15日}
}

@manual{GoogleVision,
  title        = {Google Cloud Vision API Documentation},
  author       = {Google Cloud},
  year         = {2024},
  url          = {https://cloud.google.com/vision/docs},
  note         = {アクセス日: 2024年12月15日}
}

@manual{EasyOCRDocs,
  author       = {Jaided AI},
  title        = {EasyOCR Documentation},
  year         = {2024},
  url          = {https://www.jaided.ai/easyocr/},
  note         = {アクセス日: 2024年12月15日}
}

@misc{LINEKakeibo,
  author       = {LINE Corporation},
  title        = {LINE家計簿},
  year         = {2024},
  url          = {https://kakeibo.line.me/},
  note         = {アクセス日: 2024年12月15日}
}
